
%Exemplos

@article{CPJ2020,
author = {CPJ},
title = {Dados - Committee to Protect Journalists},
url = {https://cpj.org/data/killed/},
year = {2020}
}

@article{Coyne2004,
author = {Coyne, Christopher J. and Leeson, Peter T.},
title = {Read All About It! Understanding the Role of Media in Economic Development},
journal = {Kyklos},
volume = {57},
number = {1},
pages = {21-44},
doi = {https://doi.org/10.1111/j.0023-5962.2004.00241.x},
url = {https://onlinelibrary.wiley.com/doi/abs/10.1111/j.0023-5962.2004.00241.x},
eprint = {https://onlinelibrary.wiley.com/doi/pdf/10.1111/j.0023-5962.2004.00241.x},
year = {2004}
}

@article{Keinan2003,
author = {Keinan, Giora and Sadeh, Avi and Rosen, Sefi},
title = {Attitudes and reactions to media coverage of terrorist acts},
journal = {Journal of Community Psychology},
volume = {31},
number = {2},
pages = {149-165},
doi = {https://doi.org/10.1002/jcop.10040},
url = {https://onlinelibrary.wiley.com/doi/abs/10.1002/jcop.10040},
eprint = {https://onlinelibrary.wiley.com/doi/pdf/10.1002/jcop.10040},
year = {2003}
}

@article{Ferry2015,
author = {Ferry, Finola R. and Brady, Sharon E. and Bunting, Brendan P. and Murphy, Samuel D. and Bolton, David and O'Neill, Siobhan M.},
title = {The Economic Burden of PTSD in Northern Ireland},
journal = {Journal of Traumatic Stress},
volume = {28},
number = {3},
pages = {191-197},
doi = {https://doi.org/10.1002/jts.22008},
url = {https://onlinelibrary.wiley.com/doi/abs/10.1002/jts.22008},
eprint = {https://onlinelibrary.wiley.com/doi/pdf/10.1002/jts.22008},
year = {2015}
}

@article{Olesen2011,
author = {Olesen, J. and Gustavsson, A. and Svensson, M. and Wittchen, H.-U. and JÃ¶nsson, B. and on behalf of the CDBE2010 study group and the European Brain Council},
title = {The economic cost of brain disorders in Europe},
journal = {European Journal of Neurology},
volume = {19},
number = {1},
pages = {155-162},
keywords = {brain disorder, cost, Europe},
doi = {https://doi.org/10.1111/j.1468-1331.2011.03590.x},
url = {https://onlinelibrary.wiley.com/doi/abs/10.1111/j.1468-1331.2011.03590.x},
eprint = {https://onlinelibrary.wiley.com/doi/pdf/10.1111/j.1468-1331.2011.03590.x},
year = {2011}
}

@Manual{R2020,
title = {R: A Language and Environment for Statistical Computing},
author = {{R Core Team}},
organization = {R Foundation for Statistical Computing},
address = {Vienna, Austria},
year = {2020},
url = {https://www.R-project.org/},
}
 
@Manual{Stata14,
  author = {{Stata}},
  title = {Stata Statistical Software 14},
  organization = {Stata Corp LP},
  url = {https://www.stata.com/},
  year = {2014}
}

@Manual{mfx,
    title = {mfx: Marginal Effects, Odds Ratios and Incidence Rate Ratios for GLMs},
    author = {Alan Fernihough},
    year = {2019},
    note = {R package version 1.2-2},
    url = {https://CRAN.R-project.org/package=mfx},
  }
  
@book{Greene2018,
title={Econometric Analysis},
author={Greene, W.H.},
isbn={9780134461366},
url={https://books.google.com.br/books?id=xGZRvgAACAAJ}, year={2018},
publisher={Pearson}
}

@article{Harvey1976,
title={Estimating regression models with multiplicative heteroscedasticity},
author={Harvey, Andrew C},
journal={Econometrica: Journal of the Econometric Society},
pages={461--465},
year={1976},
publisher={JSTOR}
}

@article{Freeman2015,
title={The plateau problem in the heteroskedastic probit model},
author={Freeman, Eric and Keele, Luke and Park, David and Salzman, Julia and Weickert, Brendan},
journal={arXiv preprint arXiv:1508.03262},
year={2015}
}
